<record><leader>00000cas a22000007a 4500</leader><controlfield tag="001">12491937</controlfield><controlfield tag="008">850905d18681875moudn ne      0    0eng d</controlfield><datafield ind1=" " ind2=" " tag="010"><subfield code="a">sn 85034132 </subfield></datafield><datafield ind1=" " ind2=" " tag="040"><subfield code="a">NPU</subfield><subfield code="b">eng</subfield><subfield code="c">NPU</subfield><subfield code="d">NPT</subfield><subfield code="d">MQN</subfield><subfield code="d">CNK</subfield><subfield code="d">CRL</subfield><subfield code="d">OCLCQ</subfield><subfield code="d">OCLCF</subfield><subfield code="d">OCLCO</subfield></datafield><datafield ind1=" " ind2=" " tag="042"><subfield code="a">msc</subfield></datafield><datafield ind1=" " ind2=" " tag="043"><subfield code="a">n-us-mo</subfield></datafield><datafield ind1="0" ind2=" " tag="130"><subfield code="a">St. Joseph daily gazette (Saint Joseph, Mo. : 1868)</subfield></datafield><datafield ind1="1" ind2="4" tag="245"><subfield code="a">The St. Joseph daily gazette.</subfield></datafield><datafield ind1="3" ind2=" " tag="246"><subfield code="a">Saint Joseph daily gazette</subfield></datafield><datafield ind1=" " ind2=" " tag="260"><subfield code="a">Saint Joseph, Mo. :</subfield><subfield code="b">Wm. Ridenbaugh &amp; Co.,</subfield><subfield code="c">1868-1875.</subfield></datafield><datafield ind1=" " ind2=" " tag="300"><subfield code="a">v.</subfield></datafield><datafield ind1=" " ind2=" " tag="310"><subfield code="a">Daily (except Mon.)</subfield></datafield><datafield ind1="0" ind2=" " tag="362"><subfield code="a">New ser., v. 1, no. 1 (June 28, 1868)-new ser., v. 7, no. 216 (Mar. 17, 1875).</subfield></datafield><datafield ind1=" " ind2=" " tag="515"><subfield code="a">Vol. 1, no. 1 (June 28, 1868)-&lt;v. 6, no. 1714 (June 30, 1874)&gt; also called whole no. 1058-&lt;2844&gt;.</subfield></datafield><datafield ind1=" " ind2=" " tag="530"><subfield code="a">Also issued on microfilm from UMI.</subfield></datafield><datafield ind1=" " ind2="0" tag="651"><subfield code="a">Saint Joseph (Mo.)</subfield><subfield code="v">Newspapers.</subfield></datafield><datafield ind1=" " ind2="7" tag="655"><subfield code="a">Newspapers.</subfield><subfield code="2">fast</subfield><subfield code="0">(OCoLC)fst01423814</subfield></datafield><datafield ind1=" " ind2="7" tag="651"><subfield code="a">Missouri</subfield><subfield code="z">Saint Joseph.</subfield><subfield code="2">fast</subfield><subfield code="0">(OCoLC)fst01211419</subfield></datafield><datafield ind1=" " ind2=" " tag="752"><subfield code="a">United States</subfield><subfield code="b">Missouri</subfield><subfield code="c">Buchanan</subfield><subfield code="d">Saint Joseph.</subfield></datafield><datafield ind1="0" ind2=" " tag="775"><subfield code="t">St. Joseph weekly gazette (Saint Joseph, Mo. : 1868)</subfield><subfield code="w">(DLC)sn 84020138</subfield><subfield code="w">(OCoLC)10407606</subfield></datafield><datafield ind1="0" ind2="0" tag="780"><subfield code="t">St. Joseph gazette (Saint Joseph, Mo. : 1861 : Daily)</subfield><subfield code="w">(DLC)sn 87052178</subfield><subfield code="w">(OCoLC)15182705</subfield></datafield><datafield ind1="0" ind2="0" tag="785"><subfield code="t">St. Joseph gazette (Saint Joseph, Mo. : 1875 : Daily)</subfield><subfield code="w">(DLC)sn 93059926</subfield><subfield code="w">(OCoLC)27213032</subfield></datafield></record>